@misc{computerhope:font,
	title={Font},
	author={Computer Hope},
	howpublished={online},
	url={https://www.computerhope.com/jargon/f/font.htm}
}

@book{felici:typography,
	booktitle={The Complete Manual of Typography},
	title={A Guide to Setting Perfect Type},
	author={Felici, James},
	pages={1},
	isbn={0321773268},
	year={2011},
	edition={2},
	publisher={Adobe Press}
}

@masterthesis{uhlirova:typografie,
	title={Typografie web designu},
	author={Uhlířová, Martina},
	pages={18},
	school={Univerzita Karlova v Praze, Filozofická fakulta},
	year={2016}
}

@misc{wikisofia:vyvoj_pisma,
	title={Vývoj písma},
	author={Wikisofia},
	howpublished={online},
	url={https://wikisofia.cz/wiki/Vývoj\_písma}
}

@article{ny:come_on,
	title={Come On, I Thought I Knew That!},
	journal={New York edition},
	author={Bierut, Michael},
	pages={5},
	year={2011},
	month={April},
	day={19}
}

@misc{typedia:times,
	title={Times New Roman},
	author={Typedia},
	howpublished={online},
	url={http://typedia.com/explore/typeface/times-new-roman/}
}

@inproceedings{magazine:font,
	title={Font}, 
	year={1991-}, 
	address={Praha},
	publisher={Kafka design}
}

@book{garfield:my_type,
	booktitle={Just My Type},
	title={A Book About Fonts},
	author={Simon Garfield},
	isbn={1592407463},
	year={2012},
	publisher={Avery}
}